% This file was created with Citavi 6.0.0.2

@book{Alpaydin2004,
 author = {Alpaydin, Ethem},
 year = {2004},
 title = {Introduction to Machine Learning}
}


@book{Geron2017,
 author = {G{\'e}ron, Aur{\'e}lien},
 year = {2017},
 title = {Hands-on machine learning with Scikit-Learn and TensorFlow : concepts, tools, and techniques to build intelligent systems}
}


@book{Kirk2014,
 author = {Kirk, Matthew},
 year = {2014},
 title = {Thoughtful Machine Learning: A Test-Driven Approach},
 price = {Pb. : EUR 32.00 (DE) (freier Pr.), EUR 32.90 (AT) (freier Pr.)},
 address = {Sebastopol},
 edition = {1. Aufl.},
 publisher = {{O'Reilly {\&} Associates}},
 isbn = {1449374069}
}


@book{Muller2016,
 author = {M{\"u}ller, Andreas C. and Guido, Sarah},
 year = {2016},
 title = {Introduction to Machine Learning with Python: A Guide for Data Scientists}
}


@book{Nandy2018,
 author = {Nandy, Abhishek and Biswas, Manisha},
 year = {2018},
 title = {Reinforcement Learning: With Open AI, TensorFlow and Keras Using Python},
 price = {Book : circa EUR 39.58 (DE) (freier Preis), circa EUR 40.69 (AT) (freier Preis), circa CHF 41.00 (freier Preis)},
 keywords = {Artificial Intelligence;Deep Learning;Keras;Machine Learning;Python;Reinforcement Learning;TensorFlow},
 address = {New York},
 edition = {1st edition},
 publisher = {APRESS},
 isbn = {1484232844},
 institution = {{Apress L.P.}}
}


@book{Sarkar2018,
 author = {Sarkar, Dipanjan and Bali, Raghav and Sharma, Tushar},
 year = {2018},
 title = {Practical Machine Learning with Python: A Problem-Solver's Guide to Building Real-World Intelligent Systems},
 price = {Book : circa EUR 42.79 (DE) (freier Preis), circa EUR 43.99 (AT) (freier Preis), circa CHF 44.00 (freier Preis)},
 keywords = {bike Sharing Trends;Deep Learning;image processing;Machine Learning;Natural Language Processing;Python;recommender systems;Social network analysis;trend analysis},
 address = {New York},
 edition = {1st edition},
 publisher = {APRESS},
 isbn = {1484232062},
 institution = {{Apress L.P.}}
}


@book{Suthaharan2016,
 author = {Suthaharan, Shan},
 year = {2016},
 title = {Machine Learning Models and Algorithms for Big Data Classification : Thinking with Examples for Effective Learning},
 address = {New York},
 publisher = {Springer}
}


