% This file was created with Citavi 6.0.0.2

@book{Alpaydin2004,
 author = {Alpaydin, Ethem},
 year = {2004},
 title = {Introduction to Machine Learning},
 abstract = {}
}


@book{Geron2017,
 author = {G{\'e}ron, Aur{\'e}lien},
 year = {2017},
 title = {Hands-on machine learning with Scikit-Learn and TensorFlow : concepts, tools, and techniques to build intelligent systems},
 abstract = {}
}


@book{Kirk2014,
 author = {Kirk, Matthew},
 year = {2014},
 title = {Thoughtful Machine Learning},
 edition = {1. Aufl.},
 publisher = {{O'Reilly {\&} Associates}},
 isbn = {1449374069},
 subtitle = {A Test-Driven Approach},
 language = {eng},
 location = {Sebastopol},
 abstract = {},
 pagetotal = {200 S},
 note = {Kirk, Matthew (Verfasser)},
 file = {http://deposit.dnb.de/cgi-bin/dokserv?id=4718440&prov=M&dok_var=1&dok_ext=htm},
 file = {http://d-nb.info/1054021007}
}


@book{Muller2016,
 author = {M{\"u}ller, Andreas C. and Guido, Sarah},
 year = {2016},
 title = {Introduction to Machine Learning with Python},
 subtitle = {A Guide for Data Scientists},
 abstract = {}
}


@book{Nandy2018,
 author = {Nandy, Abhishek and Biswas, Manisha},
 year = {2018},
 title = {Reinforcement Learning},
 keywords = {Artificial Intelligence;Deep Learning;Keras;Machine Learning;Python;Reinforcement Learning;TensorFlow},
 edition = {1st edition},
 publisher = {APRESS},
 isbn = {1484232844},
 subtitle = {With Open AI, TensorFlow and Keras Using Python},
 language = {eng},
 location = {New York},
 abstract = {},
 pagetotal = {V, 10 Seiten in 1 Teil},
 note = {Nandy, Abhishek (Verfasser)

Biswas, Manisha (Verfasser)},
 organization = {{Apress L.P.}},
 file = {http://deposit.dnb.de/cgi-bin/dokserv?id=8612d3b5e6964bf9a47a8640b9bba5d5&prov=M&dok_var=1&dok_ext=htm},
 file = {http://d-nb.info/1140443844},
 file = {http://www.springer.com/}
}


@book{Sarkar2018,
 author = {Sarkar, Dipanjan and Bali, Raghav and Sharma, Tushar},
 year = {2018},
 title = {Practical Machine Learning with Python},
 keywords = {bike Sharing Trends;Deep Learning;image processing;Machine Learning;Natural Language Processing;Python;recommender systems;Social network analysis;trend analysis},
 edition = {1st edition},
 publisher = {APRESS},
 isbn = {1484232062},
 subtitle = {A Problem-Solver's Guide to Building Real-World Intelligent Systems},
 language = {eng},
 location = {New York},
 abstract = {},
 pagetotal = {XV, 485 Seiten in 1 Teil},
 note = {Sarkar, Dipanjan (Verfasser)

Bali, Raghav (Verfasser)

Sharma, Tushar (Verfasser)},
 organization = {{Apress L.P.}},
 file = {http://deposit.dnb.de/cgi-bin/dokserv?id=c6e48091b4b442168fbe880ac9c343a9&prov=M&dok_var=1&dok_ext=htm},
 file = {http://d-nb.info/1140010786},
 file = {http://www.springer.com/}
}


@book{Suthaharan2016,
 author = {Suthaharan, Shan},
 year = {2016},
 title = {Machine Learning Models and Algorithms for Big Data Classification : Thinking with Examples for Effective Learning},
 publisher = {Springer},
 location = {New York},
 abstract = {}
}


